<record><leader>00000cas a22000007a 4500</leader><controlfield tag="001">18035752</controlfield><controlfield tag="008">880603d19671967nyuwx ne      0    0eng d</controlfield><datafield ind1=" " ind2=" " tag="010"><subfield code="a">sn 88074441 </subfield></datafield><datafield ind1=" " ind2=" " tag="040"><subfield code="a">NYS</subfield><subfield code="b">eng</subfield><subfield code="c">NYS</subfield><subfield code="d">OCL</subfield><subfield code="d">OCLCQ</subfield></datafield><datafield ind1=" " ind2=" " tag="042"><subfield code="a">msc</subfield></datafield><datafield ind1="0" ind2="0" tag="245"><subfield code="a">Suburban County journal.</subfield></datafield><datafield ind1=" " ind2=" " tag="260"><subfield code="a">[Ballston Spa, N.Y.] :</subfield><subfield code="b">Grose Publications</subfield></datafield><datafield ind1=" " ind2=" " tag="300"><subfield code="a">v.</subfield></datafield><datafield ind1=" " ind2=" " tag="310"><subfield code="a">Weekly</subfield></datafield><datafield ind1="0" ind2=" " tag="362"><subfield code="a">Vol. 1, no. 1 (Feb. 23, 1967)-v. 1, no. 27 (Dec. 28, 1967).</subfield></datafield><datafield ind1=" " ind2="4" tag="651"><subfield code="a">Ballston Spa (N.Y.)</subfield><subfield code="v">Newspapers.</subfield></datafield><datafield ind1=" " ind2=" " tag="752"><subfield code="a">United States</subfield><subfield code="b">New York</subfield><subfield code="c">Saratoga</subfield><subfield code="d">Ballston Spa.</subfield></datafield><datafield ind1="0" ind2="0" tag="785"><subfield code="t">Suburban weekly</subfield><subfield code="w">(DLC)sn 88074440</subfield><subfield code="w">(OCoLC)18035887</subfield></datafield><datafield ind1="1" ind2=" " tag="029"><subfield code="a">AU@</subfield><subfield code="b">000020522040</subfield></datafield></record>